% This file was created with JabRef 2.5.
% Encoding: UTF8

@STRING{ACS = {Australian Comput. Soc.}}

@STRING{ADCG = {Advances in Discrete and Comput. Geom.}}

@STRING{ALGOSENSORS = {Internat. Workshop on Algorithmic Aspects of Wireless Sensor Networks}}

@STRING{ASPRSACSM = {ASPRS/ACSM Annual Convention and Exposition}}

@STRING{CART = {Carographica}}

@STRING{CARTJ = {The Cartographic Journal}}

@STRING{CACM = {Commun. ACM}}

@STRING{CC = {Internat. Cartographic Conference}}

@STRING{CCCG = {Canadian Conf. Comput. Geom.}}

@STRING{CGIS = {Cart. \& Geographic Inform. Sci.}}

@STRING{CHI = {Proc. Conf. on Human Factors in Computer Systems}}

@STRING{COGE = {Comput. Geosci.}}

@STRING{CCCG = {Canadian Conf. Comput. Geom.}}

@STRING{CGTA = {Comput. Geom. Theory Appl.}}

@STRING{COCOON = {Ann. Internat. Conf. Computing and Combinatorics}}

@STRING{CRPIT = {CRPIT}}

@STRING{DAM = {Discrete Appl. Math.}}

@STRING{DCG = {Discrete Comput. Geom.}}

@STRING{DCOSS = {Internat. Conf. on Distributed Computing in Sensor Systems}}

@STRING{DISC = {Internat. Symp. on Distributed Computing}}

@STRING{DM = {Discrete Math.}}

@STRING{DMTCS = {DMTCS}}

@STRING{EWCG = {European Workshop Comput. Geom.}}

@STRING{ESA = {Annu. European Symp. Algorithms}}

@STRING{FCT = {Fundamentals in Comp. Theory.}}

@STRING{FOCS = {Ann. {IEEE} Symp. Foundations Comput. Sci. }}

@STRING{FOMC = {ACM Internat. Workshop on Foundations of Mobile Computing}}

@STRING{FU = {Fachbereich Mathematik und Informatik, Freie Universit{\"a}t Berlin}}

@STRING{GD = {Internat. Symp. Graph Drawing}}

@STRING{GECCO = {Genetic and Evolutionary Comput.}}

@STRING{GI = {GeoInformatica}}

@STRING{ICC = {Internat. Cartographic Conf.}}

@STRING{ICDCS = {Internat. Conf. on Distributed Computing Systems}}

@STRING{ICDCN = {Internat. Conf. on Distributed Computing and Networking}}

@STRING{IEEE = {IEEE Comp. Soc.}}

@STRING{IJCGA = {Internat. J. Comput. Geom. Appl.}}

@STRING{IJGIS = {Internat. J. Geograph. Inform. Sci.}}

@STRING{IPDPS = {Internat. Parallel and Distributed Processing Symp.}}

@STRING{IPL = {Inform. Process. Lett.}}

@STRING{ISAAC = {Ann. Internat. Symp. Alg. and Comput.}}

@STRING{INFOCOM = {Ann. Joint Conf. of the IEEE Computer and Communications Societies}}

@STRING{INFVIS = {Inform. Visualization}}

@STRING{JA = {J. Algorithms}}

@STRING{JACM = {J. ACM}}

@STRING{JCO = {J. Combinatorial Optimization}}

@STRING{JDC = {J. Distr. Comp.}}

@STRING{JGAA = {J. Graph Algorithms Appl.}}

@STRING{JVLC = {J. Visual Languages and Computing}}

@STRING{MOBIHOC = {ACM Internat. Symp. on Mobile Ad Hoc Networking and Computing}}

@STRING{LNCS = {Lecture Notes Comput. Sci.}}

@STRING{NJC = {Nordic J. Comput.}}

@STRING{OR = {Operations Research}}

@STRING{PPSN = {Parallel Problem Solving from Nature}}

@STRING{PODC = {ACM Symp. on Principles of Distributed Computing}}

@STRING{SDH = {Internat. Symp. Spatial Data Handling}}

@STRING{SIAM = {Soc. Indust. Appl. Math. (SIAM)}}

@STRING{SICOMP = {SIAM J. Comput.}}

@STRING{SOCG = {Ann. ACM Symp. Comput. Geom.}}

@STRING{SODA = {Ann. ACM-SIAM Symp. Discrete Algorithms}}

@STRING{SPAA = {ACM Symp. on Parallelism in Algorithms and Architectures}}

@STRING{STOC = {Ann. ACM Symp. Theory Comput.}}

@STRING{SV = {Springer-Verlag}}

@STRING{SWAT = {Scand. Symp. \& Workshops on Algorithm Theory}}

@STRING{TCS = {Theoret. Comput. Sci.}}

@STRING{TCS2 = {Theory Comput. Systems}}

@STRING{TF = {Taylor \& Francis}}

@STRING{TG = {ACM Trans. Graph.}}

@STRING{TVCG = {{IEEE} Trans. Visualization and Computer Graphics}}

@STRING{UG = {Institut f{\"ur} Mathematik und Informatik, Universit{\"a}t Greifswald}}

@STRING{UIST = {Ann. ACM Symp. User Interface Software and Technology}}

@STRING{UU = {Department of Computer Science, Utrecht University}}

@STRING{WADS = {Internat. Workshop on Algorithms and Data Structures}}

@STRING{WMMC = {Internat. Workshop on Mobile Multimedia Communications}}

@STRING{WSCG = {J. WSCG}}

@STRING{MLQ = {Mathematical Logic Quarterly}}

@STRING{EJOR = {European J. of Operational Research}}

@STRING{COR = {Computers \& Operational Research}}

