%%%%%%%%%%%%%%%%%%%%%%%%%%%%%%%%%%%%%%%
%%%%% Topology Control
%%%%%%%%%%%%%%%%%%%%%%%%%%%%%%%%%%%%%%%

@inproceedings{moscibroda2006protocol,
  title={Protocol design beyond graph-based models},
  author={Moscibroda, Thomas and Wattenhofer, Roger and Weber, Yves},
  booktitle={Proc. of the ACM Workshop on Hot Topics in Networks (HotNets-V)},
  pages={25--30},
  year={2006}
}

@article{ramanathan1993scheduling,
  title={Scheduling algorithms for multihop radio networks},
  author={Ramanathan, Subramanian and Lloyd, Errol L},
  journal={IEEE/ACM Transactions on Networking (TON)},
  volume={1},
  number={2},
  pages={166--177},
  year={1993},
  publisher={IEEE Press}
}

@article{DBLP:journals/corr/BodlaenderH14,
  author    = {Marijke H. L. Bodlaender and
               Magn{\'u}s M. Halld{\'o}rsson},
  title     = {Beyond Geometry : Towards Fully Realistic Wireless Models},
  journal   = {CoRR},
  volume    = {abs/1402.5003},
  year      = {2014},
  ee        = {http://arxiv.org/abs/1402.5003},
  bibsource = {DBLP, http://dblp.uni-trier.de}
}

@article{DBLP:journals/corr/FuchsW14,
  author    = {Fabian Fuchs and
               Dorothea Wagner},
  title     = {Arbitrary Transmission Power in the SINR Model: Local Broadcasting,
               Coloring and MIS},
  journal   = {CoRR},
  volume    = {abs/1402.4994},
  year      = {2014},
  ee        = {http://arxiv.org/abs/1402.4994},
  bibsource = {DBLP, http://dblp.uni-trier.de}
}


@INPROCEEDINGS{lowinterferencetc,
    author = {Kousha Moaveni-Nejad and Xiang-Yang Li},
    title = {Low-Interference Topology Control for Wireless Ad Hoc Networks},
    booktitle = {ACM Wireless Networks},
    year = {2005},
    publisher = {IEEE Press}
}

@inproceedings{hybridinterference,
 author = {Liu, Yongzhen and Zhang, Xinming and Liu, Qiong and Dai, Shifang},
 title = {A Hybrid Interference Model-Based Topology Control Algorithm},
 booktitle = {Proc. 4th Internat. Conf. on Networked Computing and Advanced Information Management - Volume 01},
 series = {NCM '08},
 year = {2008},
 isbn = {978-0-7695-3322-3-01},
 pages = {42--46},
 numpages = {5},
 url = {http://dx.doi.org/10.1109/NCM.2008.27},
 doi = {10.1109/NCM.2008.27},
 acmid = {1445155},
 publisher = {IEEE Computer Society},
 address = {Washington, DC, USA},
 keywords = {ad hoc networks, capacity, connectivity, interference, topology control}
} 
@article{interfereceawaretc,
 author = {Yilmaz, Onur and Dagdeviren, Orhan and Erciyes, Kayhan},
 title = {Interference-Aware Dynamic Algorithms for Energy-Efficient Topology Control in Wireless Ad Hoc and Sensor Networks},
 journal = {The Computer J.},
 issue_date = {August 2011},
 volume = {54},
 number = {8},
 month = aug,
 year = {2011},
 issn = {0010-4620},
 pages = {1398--1411},
 numpages = {14},
 url = {http://dx.doi.org/10.1093/comjnl/bxr059},
 doi = {10.1093/comjnl/bxr059},
 acmid = {2061087},
 publisher = {Oxford University Press},
 address = {Oxford, UK}
} 

@article{goldberg1987parallel,
  title={Parallel ($\Delta$+ 1)-coloring of constant-degree graphs},
  author={Goldberg, Andrew V and Plotkin, Serge A},
  journal={Information Processing Letters},
  volume={25},
  number={4},
  pages={241--245},
  year={1987},
  publisher={Elsevier}
}
@article{linial1992locality,
  title={Locality in distributed graph algorithms},
  author={Linial, Nathan},
  journal={SIAM Journal on Computing},
  volume={21},
  number={1},
  pages={193--201},
  year={1992},
  publisher={SIAM}
}

@article{luby1986simple,
  title={A simple parallel algorithm for the maximal independent set problem},
  author={Luby, Michael},
  journal={SIAM journal on computing},
  volume={15},
  number={4},
  pages={1036--1053},
  year={1986},
  publisher={SIAM}
}

@article{johansson1999simple,
  title={Simple distributed< i> $\Delta$</i>+ 1-coloring of graphs},
  author={Johansson, {\"O}jvind},
  journal={Information Processing Letters},
  volume={70},
  number={5},
  pages={229--232},
  year={1999},
  publisher={Elsevier}
}

@inproceedings{luby1988removing,
  title={Removing randomness in parallel computation without a processor penalty},
  author={Luby, Michael},
  booktitle={Foundations of Computer Science, 1988., 29th Annual Symposium on},
  pages={162--173},
  year={1988},
  organization={IEEE}
}

@inproceedings{goussevskaia2008local,
  title={Local broadcasting in the physical interference model},
  author={Goussevskaia, Olga and Moscibroda, Thomas and Wattenhofer, Roger},
  booktitle={Proceedings of the fifth international workshop on Foundations of mobile computing},
  pages={35--44},
  year={2008},
  organization={ACM}
}

@article{cole1986deterministic,
  title={Deterministic coin tossing with applications to optimal parallel list ranking},
  author={Cole, Richard and Vishkin, Uzi},
  journal={Information and Control},
  volume={70},
  number={1},
  pages={32--53},
  year={1986},
  publisher={Elsevier}
}
@article{whitney1931coloring,
  title={The coloring of graphs},
  author={Whitney, Hassler},
  journal={Proceedings of the National Academy of Sciences of the United States of America},
  volume={17},
  number={2},
  pages={122},
  year={1931},
  publisher={National Academy of Sciences}
}

@article{birkhoff1912determinant,
  title={A determinant formula for the number of ways of coloring a map},
  author={Birkhoff, George D},
  journal={The Annals of Mathematics},
  volume={14},
  number={1/4},
  pages={42--46},
  year={1912},
  publisher={JSTOR}
}



@inproceedings{schneider2008log,
  title={A log-star distributed maximal independent set algorithm for growth-bounded graphs},
  author={Schneider, Johannes and Wattenhofer, Roger},
  booktitle={Proceedings of the twenty-seventh ACM symposium on Principles of distributed computing},
  pages={35--44},
  year={2008},
  organization={ACM}
}

@inproceedings{minavginterferece,
  author    = {Tiancheng Lou and
               Haisheng Tan and
               Yuexuan Wang and
               Francis C. M. Lau},
  title     = {Minimizing Average Interference through Topology Control},
  booktitle = {Proc. 7th } # ALGOSENSORS # { (ALGOSENSORS'11)},
  location  = {Saarbruecken, Germany},
  published = {},
  year      = {2011},
  pages     = {115-129},
  ee        = {http://dx.doi.org/10.1007/978-3-642-28209-6_10},
  crossref  = {DBLP:conf/algosensors/2011},
  bibsource = {DBLP, http://dblp.uni-trier.de}
}
@article{mmihard,
  author = {Kevin Buchin},
  title = {Minimizing the Maximum Interference is Hard},
  journal = {arXiv/0802.2134},
  year = {2008},
  url = {http://arxiv.org/abs/0802.2134}
}
@inproceedings{tcinterference,
  author    = {Martin Burkhart and
               Pascal von Rickenbach and
               Roger Wattenhofer and
               Aaron Zollinger},
  title     = {Does topology control reduce interference?},
  booktitle = {Proc. 5th } # MOBIHOC # { (MOBIHOC'04)},
  location = {Roppongi Hills, Tokyo, Japan},
  publisher = {ACM},
  year      = {2004},
  pages     = {9-19},
  ee        = {http://doi.acm.org/10.1145/989459.989462},
  crossref  = {DBLP:conf/mobihoc/2004},
  bibsource = {DBLP, http://dblp.uni-trier.de}
}


%%%%%%%%%%%%%%%%%%%%%%%%%%%%%%%%%%%%%%%
%%%%% stuff?
%%%%%%%%%%%%%%%%%%%%%%%%%%%%%%%%%%%%%%%

@INPROCEEDINGS{fw-olbsc-13,
AUTHOR = {Fabian Fuchs and Dorothea Wagner},
TITLE = {{On Local Broadcasting Schedules and CONGEST Algorithms in the SINR Model}},
BOOKTITLE = {Proc. 9th } # ALGOSENSORS # { (ALGOSENSORS'13)},
YEAR = 2013,
PAGES = {170--184},
PDF = {http://i11www.ira.uka.de/extra/publications/fw-olbsc-13.pdf}
}

%%%%%%%%%%%%%%%%%%%%%%%%%%%%%%%%%%%%%%%
%%%%% Local Broadcasting
%%%%%%%%%%%%%%%%%%%%%%%%%%%%%%%%%%%%%%%

@INPROCEEDINGS{dmz-fdgpa-06, 
author={Derbel, B. and Mosbah, M. and Zemmari, A.}, 
booktitle={Proc. 20th } # IPDPS # { (IPDPS'06)}, 
title={Fast Distributed Graph Partition and Application (Extended Abstract)}, 
year={2006}, 
month={april}
}

@ARTICLE{kln-tamac-11,
AUTHOR = {Fabian Kuhn and Nancy Lynch and Calvin Newport},
TITLE = {{The Abstract MAC Layer}},
JOURNAL = JDC,
MONTH = {November},
NUMBER = {3-4},
PAGES = {187--206},
VOLUME = {24},
YEAR = {2011}
}

@INPROCEEDINGS{hw-odaps-12,
AUTHOR = {Stephan Holzer and Roger Wattenhofer},
TITLE = {{Optimal Distributed All Pairs Shortest Paths and Applications}},
BOOKTITLE = {Proc. 31th } # PODC # { (PODC'12)},
PUBLISHER = {ACM Press},
YEAR = {2012},
PAGES = {355--364}
}

@INPROCEEDINGS{hm-ttblb-12,
AUTHOR = {Magn{\'u}s M. Halld{\'o}rsson and Pradipta Mitra},
TITLE = {{Towards Tight Bounds for Local Broadcasting}},
BOOKTITLE = {Proc. 8th } # FOMC # { (FOMC'12)},
MONTH = {July},
PUBLISHER = {ACM Press},
YEAR = {2012}
}

@ARTICLE{lww-cdcas-11,
AUTHOR = {Xiang-Yang Li and Yajun Wang and Yu Wang},
TITLE = {{Complexity of Data Collection, Aggregation, and Selection for Wireless Sensor Networks}},
JOURNAL = {IEEE Transactions on Computers},
MONTH = {March},
NUMBER = {3},
PAGES = {386--399},
VOLUME = {60},
YEAR = {2011}
} %thought they would show a nice lower bound - but i am not sure anymore... 

@ARTICLE{mw-curn-08,
AUTHOR = {Thomas Moscibroda and Mirjam Wattenhofer},
TITLE = {{Coloring Unstructured Radio Networks}},
JOURNAL = JDC,
NUMBER = {4},
PAGES = {271--284},
VOLUME = {21},
YEAR = {2008}
}

@inproceedings{mw-curn-05,
  title={Coloring unstructured radio networks},
  author={Moscibroda, Thomas and Wattenhofer, Rogert},
  booktitle={Proc 17th } # SPAA # { (SPAA'05)},
  pages={39--48},
  year={2005},
  organization={ACM}
}

@inproceedings{sw-cuwm-09,
  title={Coloring unstructured wireless multi-hop networks},
  author={Schneider, Johannes and Wattenhofer, Roger},
  booktitle={Proc. 28th } # PODC # { (PODC'09)},
  pages={210--219},
  year={2009},
  organization={ACM}
}


@ARTICLE{kbb-lbawa-12,
AUTHOR = {Majid Khabbazian and Ian F. Blake and Vijay K. Bhargava},
TITLE = {{Local Broadcast Algorithms in Wireless Ad Hoc Networks: Reducing the Number of Transmissions}},
JOURNAL = {IEEE Transactions on Mobile Computing},
MONTH = {March},
NUMBER = {3},
PAGES = {402--413},
VOLUME = {11},
YEAR = {2012}
}

@BOOK{p-dcals-00,
AUTHOR = {David Peleg},
TITLE = {{Distributed Computing: A Locality-Sensitive Approach}},
BOOKTITLE = {Distributed Computing: A Locality-Sensitive Approach},
PUBLISHER = {Society for Industrial Mathematics},
YEAR = {2000}
}

@INPROCEEDINGS{alpp-anupc-09,
AUTHOR = {Chen Avin and Zvi Lotker and Francesco Pasquale and Yvonne-Anne Pignolet},
TITLE = {{A Note on Uniform Power Connectivity in the SINR Model}},
BOOKTITLE = {Proc. 6th } # ALGOSENSORS # { (ALGOSENSORS'10)},
PUBLISHER = {Springer},
SERIES = LNCS,
YEAR = 2009,
PAGES = {116--127}
}

@INPROCEEDINGS{yhwl-aodaa-12,
AUTHOR = {Dongxiao Yu and Qiang-Sheng Hua and Yuexuan Wang and Francis C. M. Lau},
TITLE = {{An O(log n) Distributed Approximation Algorithm for Local Broadcasting in Unstructured Wireless Networks}},
BOOKTITLE = {Proc. 8th } # DCOSS # { (DCOSS'12)},
KEY = {DCOSS'12},
PUBLISHER = {IEEE Computer Society},
YEAR = {2012},
PAGES = {132--139}
}

@INPROCEEDINGS{srs-aodsp-08,
AUTHOR = {Christian Scheideler and Andrea W. Richa and Paolo Santi},
TITLE = {{An O(log n) Dominating Set Protocol for Wireless Ad-Hoc Networks under the Physical Interference Model}},
BOOKTITLE = {Proc. 9th } # MOBIHOC # { (MOBIHOC'08)},
YEAR = {2008},
PAGES = {91--100}
}

@INPROCEEDINGS{ywhl-ddcpm-11,
AUTHOR = {Dongxiao Yu and Yuexuan Wang and Qiang-Sheng Hua and Francis C. M. Lau},
TITLE = {{Distributed ($\Delta$ + 1) Coloring in the Physical Model}},
BOOKTITLE = {Proc. 7th } # ALGOSENSORS # { (ALGOSENSORS'11)},
PUBLISHER = {Springer},
SERIES = LNCS,
YEAR = {2011},
PAGES = {145--160}
}

@INPROCEEDINGS{jk-dbsas-12,
AUTHOR = {Tomasz Jurdzinski and Dariusz R. Kowalski},
TITLE = {{Distributed Backbone Structure for Algorithms in the SINR Model of Wireless Networks}},
BOOKTITLE = {Proc. 26th } # DISC # { (DISC'12)},
MONTH = {October},
PUBLISHER = {Springer},
SERIES = LNCS,
YEAR = {2012},
PAGES = {106--120}
}

@INPROCEEDINGS{ywhl-dlbap-11,
AUTHOR = {Dongxiao Yu and Yuexuan Wang and Qiang-Sheng Hua and Francis C. M. Lau},
TITLE = {{Distributed Local Broadcasting Algorithms in the Physical Interference Model}},
BOOKTITLE = {Proc. 7th } # DCOSS # { (DCOSS'11)},
PUBLISHER = {IEEE Computer Society},
YEAR = {2011},
PAGES = {1--8}
}

@INPROCEEDINGS{dt-dncsi-10,
AUTHOR = {Bilel Derbel and El-Ghazali Talbi},
TITLE = {{Distributed Node Coloring in the SINR Model}},
BOOKTITLE = {Proc. 30th } # ICDCS # { (ICDCS'10)},
PUBLISHER = {IEEE Computer Society},
YEAR = {2010},
PAGES = {708--717}
}


@INPROCEEDINGS{gmw-lbpim-08,
AUTHOR = {Olga Goussevskaia and Thomas Moscibroda and Roger Wattenhofer},
TITLE = {{Local Broadcasting in the Physical Interference Model}},
BOOKTITLE = {Proc. 5th } # FOMC #{ (DialM-POMC'08)},
PUBLISHER = {ACM Press},
YEAR = {2008},
PAGES = {35--44}
}

@book{sedgewick2011algorithms,
  title={Algorithms},
  author={Sedgewick, R. and Wayne, K.},
  isbn={9780132762564},
  url={http://books.google.de/books?id=idUdqdDXqnAC},
  year={2011},
  publisher={Pearson Education}
}


@INPROCEEDINGS{ablp-ocrc-89,
AUTHOR = {Noga Alon and Amotz Bar-Noy and Nathan Linial and David Peleg},
TITLE = {{On the Complexity of Radio Communication}},
BOOKTITLE = {Proc. 21th } # STOC # { (STOC'89)},
PUBLISHER = {ACM Press},
YEAR = {1989},
PAGES = {274--285}
}

@INPROCEEDINGS{dt-rndau-10,
AUTHOR = {Bilel Derbel and El-Ghazali Talbi},
TITLE = {{Radio Network Distributed Algorithms in the Unknown Neighborhood Model}},
BOOKTITLE = {Proc. 11th } # ICDCN # { (ICDCN'10)},
KEY = {ICDCN'10},
PUBLISHER = {Springer},
SERIES = LNCS,
YEAR = {2010},
PAGES = {155--166}
}

@INPROCEEDINGS{mw-tccwn-06,
AUTHOR = {Thomas Moscibroda and Roger Wattenhofer},
TITLE = {{The Complexity of Connectivity in Wireless Networks}},
BOOKTITLE = {Proc. 25th } # INFOCOM # { (INFOCOM'06)},
KEY = {INFOCOM'06},
MONTH = {April},
PUBLISHER = {IEEE Computer Society Press},
YEAR = {2006},
PAGES = {1--13}
}

@incollection{dgkn-bahs-13,
year=2013,
isbn={978-3-642-41526-5},
booktitle={Distributed Computing},
volume=8205,
series=LNCS,
editor={Afek, Yehuda},
doi={10.1007/978-3-642-41527-2_25},
title={Broadcast in the Ad Hoc SINR Model},
url={http://dx.doi.org/10.1007/978-3-642-41527-2_25},
publisher={Springer Berlin Heidelberg},
author={Daum, Sebastian and Gilbert, Seth and Kuhn, Fabian and Newport, Calvin},
pages={358-372}
}


@BOOK{k-fa-11,
AUTHOR = {Donald E. Knuth},
TITLE = {{Fundamental Algorithms}},
BOOKTITLE = {Fundamental Algorithms},
PUBLISHER = {Addison-Wesley},
SERIES = {The Art of Computer Programming},
VOLUME = {1},
YEAR = {2011}
}

@BOOK{be-dcg-13,
AUTHOR = {Leonid Barenboim and Michael Elkin},
TITLE = {{Distributed Graph Coloring: Fundamentals and Recent Developments}},
PUBLISHER = {Morgan \& Claypool Publishers},
SERIES = {Synthesis Lectures on Distributed Computing Theory},
YEAR = {2013}
}

@article{tk-psrc-75-part2,
  author = {Tobagi, Fouad A. and Kleinrock, Leonard},
  journal = {{IEEE} Transactions on Computing},
  number = 12,
  pages = {1417--1433},
  title = {Packet Switching in Radio Channels: Part II--The Hidden Terminal Problem in Carrier Sense Multiple-Access and the Busy-Tone Solution},
  volume = 23,
  year = 1975
}

@inproceedings{t-ssn-75,
 author = {Tomlinson, Raymond S.},
 title = {Selecting Sequence Numbers},
 booktitle = {Proc. of 1975 ACM SIGCOMM/SIGOPS Workshop on Interprocess Communications},
 year = {1975},
 pages = {11--23},
 numpages = {13},
 url = {http://doi.acm.org/10.1145/800272.810894},
 doi = {10.1145/800272.810894},
 acmid = {810894},
 publisher = {ACM},
 address = {New York, NY, USA},
} 

@incollection{hwhyl-ddda-12,
year={2012},
isbn={978-3-642-29951-3},
booktitle={Theory and Applications of Models of Computation},
volume={7287},
series=LNCS,
editor={Agrawal, Manindra and Cooper, S.Barry and Li, Angsheng},
doi={10.1007/978-3-642-29952-0_38},
title={Deterministic Distributed Data Aggregation under the SINR Model},
url={http://dx.doi.org/10.1007/978-3-642-29952-0_38},
publisher={Springer Berlin Heidelberg},
keywords={SINR interference model; data aggregation; physical carrier sensing},
author={Hobbs, Nathaniel and Wang, Yuexuan and Hua, Qiang-Sheng and Yu, Dongxiao and Lau, FrancisC.M.},
pages={385-399}
}



%%%%%%%%%% stuff for introduction %%%%%%%%%%%%%%

@inproceedings{pkd-macn-01,
  title={Medium access control in a network of ad hoc mobile nodes with heterogeneous power capabilities},
  author={Poojary, Neeraj and Krishnamurthy, Srikanth V and Dao, Son},
  booktitle={IEEE Internat. Conf. on Communications (ICC'01)},
  volume={3},
  pages={872--877},
  year={2001},
  organization={IEEE}
}

@inproceedings{ftbus-amac-02,
  title={An efficient MAC protocol in wireless ad-hoc networks with heterogeneous power nodes},
  author={Fujii, Takahito and Takahashi, T and Bandai, T and Udagawa, Tomoyuki and Sasase, T},
  booktitle={5th Internat. Symp. Wireless Personal Multimedia Communications (WPMC'02)},
  volume={2},
  pages={776--780},
  year={2002},
  organization={IEEE}
}

@article{wang2008mac,
  title={A MAC layer protocol for wireless networks with asymmetric links},
  author={Wang, Guoqiang and Turgut, Damla and B{\"o}l{\"o}ni, Ladislau and Ji, Yongchang and Marinescu, Dan C},
  journal={Ad Hoc Networks},
  volume={6},
  number={3},
  pages={424--440},
  year={2008},
  publisher={Elsevier}
}

@INPROCEEDINGS{6266131, 
author={Zuhairi, M. and Zafar, H. and Harle, D.}, 
booktitle={Proc. Wireless Telecommunications Symposium (WTS'12)}, 
title={On-demand routing with unidirectional link using path loss estimation technique}, 
year={2012}, 
pages={1-7}, 
keywords={mobile ad hoc networks;radio links;routing protocols;AODV-Blacklist;AODV-EUDA;bidirectional routing path;link symmetrical property;mobile ad hoc network;ondemand MANET routing scheme;packet collisions;path loss estimation technique;radio links;routing path selection probability;symmetrical routing path;transmission power;unidirectional link avoidance;unidirectional link detection;wireless devices;Ad hoc networks;Interference;Loss measurement;Propagation losses;Receivers;Routing;Wireless communication;MANET;RSSI;on demand routing;path loss;unidirectional link}, 
doi={10.1109/WTS.2012.6266131}, 
ISSN={1934-5070},}


@incollection{kuhn2004radio,
  title={Radio network clustering from scratch},
  author={Kuhn, Fabian and Moscibroda, Thomas and Wattenhofer, Roger},
  BOOKTITLE = {Proc. 12th } # ESA # { (ESA'04)},
  pages={460--471},
  year={2004},
  publisher={Springer}
}

@INPROCEEDINGS{mwz-tcmsi-06,
AUTHOR = {Thomas Moscibroda and Roger Wattenhofer and Aaron Zollinger},
TITLE = {{Topology Control Meets SINR: The Scheduling Complexity of Arbitrary Topologies}},
BOOKTITLE = {Proc. 7th } # MOBIHOC # { (MOBIHOC'06)},
KEY = {MOBIHOC'06},
PUBLISHER = {ACM Press},
YEAR = {2006},
PAGES = {310--321}
}

@inproceedings{hm-wcc-12,
 author = {Halld\'{o}rsson, Magn\'{u}s M. and Mitra, Pradipta},
 title = {Wireless Connectivity and Capacity},
 booktitle = {Proc. 23th } # SODA # { (SODA'12)},
 series = {SODA '12},
 year = {2012},
 location = {Kyoto, Japan},
 pages = {516--526},
 numpages = {11},
 url = {http://dl.acm.org/citation.cfm?id=2095116.2095160},
 acmid = {2095160},
 publisher = {SIAM},
} 

@inproceedings{kv-dcr-10,
 author = {Kesselheim, Thomas and V\"{o}cking, Berthold},
 title = {Distributed Contention Resolution in Wireless Networks},
 booktitle = {Proc 24th } # DISC # { (DISC'10)},
 year = {2010},
 isbn = {3-642-15762-9, 978-3-642-15762-2},
 location = {Cambridge, MA},
 pages = {163--178},
 numpages = {16},
 url = {http://dl.acm.org/citation.cfm?id=1888781.1888803},
 acmid = {1888803},
 publisher = {Springer-Verlag},
 address = {Berlin, Heidelberg},
} 
